@article{dijkstra1959note,
    Author = {Dijkstra, Edsger W},
    Date-Added = {2014-04-28 19:35:12 +0000},
    Date-Modified = {2014-04-28 19:35:12 +0000},
    Journal = {Numerische mathematik},
    Number = {1},
    Pages = {269--271},
    Publisher = {Springer},
    Title = {A note on two problems in connexion with graphs},
    Volume = {1},
    Year = {1959}}
